@article{doi:10.3233/SW-190372,
  author = {Verborgh, Ruben and Vander Sande, Miel},
  title = {The {Semantic Web} identity crisis: in search of the trivialities that~never~were},
  journal = {Semantic Web Journal},
  year = 2020,
  month = jan,
  volume = 11,
  number = 1,
  pages = {19--27},
  publisher = {IOS Press},
  url = {https://ruben.verborgh.org/articles/the-semantic-web-identity-crisis/},
  doi = {10.3233/SW-190372},
}